@Misc{PLOS:LaTeX,
  title={{LaTeX guidelines}},
  author={{Public Library of Science (PLOS)}},
  year={2019},
  url={https://journals.plos.org/plosone/s/latex},
}

@Misc{PLOS:Figures,
  title={{Figures guidelines}},
  author={{Public Library of Science (PLOS)}},
  year={2019},
  url={https://journals.plos.org/plosone/s/figures},
}

@Misc{Project:friendly_name_mixin:CodeRepository,
  title = {{friendly\_name\_mixin public code repository}},
  author = {Mari{\'c}, Petar},
  year={2019},
  url = {https://github.com/petarmaric/friendly_name_mixin},
}

@Misc{Maric:Gravatar,
  title={{petarmaric - Gravatar Profile}},
  author={Mari{\'c}, Petar},
  year={2019},
  url={https://en.gravatar.com/petarmaric},
}

@inproceedings{Maric:2017,
  title={A Hybrid Software Solution for the Harmonic Coupled Finite Strip Method Characteristic Equations},
  author={Mari{\'c}, P and Mila{\v{s}}inovi{\'c}, D. D. and Gole{\v{s}}, D and {\v{Z}}ivanov, {\v{Z}} and Hajdukovi{\'c}, M},
  booktitle={Proceedings of the Fifth International Conference on Parallel, Distributed, Grid and Cloud Computing for Engineering, Civil-Comp Press, Stirlingshire, UK, Paper 31},
  volume={111},
  year={2017}
}

@inproceedings{Milasinovic:2018,
  title={Influence of Thickness of Columns on Local Buckling-Mode Interaction by Finite Strip Method and Duality},
  author={Mila{\v{s}}inovi{\'c}, D. D. and Mari{\'c}, P and {\v{Z}}ivanov, {\v{Z}} and Hajdukovi{\'c}, M},
  booktitle={Proceedings of the 6th International Conference on Contemporary achievements in Civil Engineering, Subotica},
  year={2018}
}

@Misc{Project:fsm_damage_analysis:CodeRepository,
  title = {{fsm\_damage\_analysis public code repository}},
  author = {Mari{\'c}, Petar},
  year={2019},
  url = {https://github.com/petarmaric/fsm_damage_analysis},
}

@book{LaTeX,
  title={LATEX: a document preparation system: user's guide and reference manual},
  author={Lamport, Leslie},
  year={1994},
  publisher={Addison-wesley},
}

@Misc{Python,
  title={Python programming language},
  author={Van Rossum, Guido},
  year={1994},
}

@misc{latex2plos,
  title={{latex2plos public code repository}},
  author={Mari{\'c}, Petar},
  year={2019},
  url={https://github.com/petarmaric/latex2plos},
}

@misc{template4plos,
  title={{template4plos public code repository}},
  author={Mari{\'c}, Petar},
  year={2019},
  url={https://github.com/petarmaric/template4plos},
}

@misc{version4plos,
  title={{version4plos public code repository}},
  author={Mari{\'c}, Petar},
  year={2019},
  url={https://github.com/petarmaric/version4plos},
}

@misc{paper:code,
  title={{this paper public code repository}},
  author={Mari{\'c}, Petar},
  year={2019},
  url={https://github.com/petarmaric/paper-2019-automated-plos-workflow},
}

@Manual{OSI:BSD,
  title = {The BSD 3-Clause License},
  author = {{Open Source Initiative}},
  year = {2019},
  url = {http://opensource.org/licenses/BSD-3-Clause},
}

@Misc{Maric:GitHub,
  title={{petarmaric - GitHub Profile}},
  author={Mari{\'c}, Petar},
  year={2019},
  url={https://github.com/petarmaric},
}

@Misc{Maric:PyPI,
  title={{Profile of petar - PyPI}},
  author={Mari{\'c}, Petar},
  year={2019},
  url={https://pypi.org/user/petar/},
}

@Misc{CTAN:plos,
  title={CTAN: Search "plos" - no matching documents found},
  author={{CTAN Team}},
  year={2019},
  url={https://www.ctan.org/search?phrase=plos},
}

@Misc{StackExchange:LaTeX:tiff,
  title={What is the technical reason why .tiff images are not accepted by pdftex?},
  author={{TeX - LaTeX Stack Exchange}},
  year={2019},
  url={https://tex.stackexchange.com/q/425566},
}

@Misc{Project:simple_plugins:CodeRepository,
  title = {{simple\_plugins public code repository}},
  author = {Mari{\'c}, Petar},
  year={2019},
  url = {https://github.com/petarmaric/simple_plugins},
}

@Misc{GitHub:help:repository_template,
  title={{Creating a repository from a template - GitHub Help}},
  author={{GitHub, Inc.}},
  year={2019},
  url={https://help.github.com/en/github/creating-cloning-and-archiving-repositories/creating-a-repository-from-a-template},
}

@misc{template4plos:DockerHub:tags,
  title={{petarmaric/template4plos Tags - Docker Hub}},
  author={Mari{\'c}, Petar},
  year={2019},
  url={https://hub.docker.com/r/petarmaric/template4plos/tags},
}
